<record><leader>00000cas a22000007a 4500</leader><controlfield tag="001">13079486</controlfield><controlfield tag="008">860129d193719uualuwr ne      0    0eng d</controlfield><datafield ind1=" " ind2=" " tag="010"><subfield code="a">sn 86050049 </subfield></datafield><datafield ind1=" " ind2=" " tag="040"><subfield code="a">AAR</subfield><subfield code="b">eng</subfield><subfield code="c">AAR</subfield><subfield code="d">CPN</subfield><subfield code="d">OCLCQ</subfield></datafield><datafield ind1=" " ind2=" " tag="042"><subfield code="a">msc</subfield></datafield><datafield ind1="0" ind2=" " tag="130"><subfield code="a">Auburn times (Auburn, Ala. : 1937)</subfield></datafield><datafield ind1="1" ind2="4" tag="245"><subfield code="a">The Auburn times.</subfield></datafield><datafield ind1=" " ind2=" " tag="260"><subfield code="a">Auburn, Ala. :</subfield><subfield code="b">Auburn Print. Co.,</subfield><subfield code="c">1937-</subfield></datafield><datafield ind1=" " ind2=" " tag="300"><subfield code="a">v. :</subfield><subfield code="b">ill. ;</subfield><subfield code="c">61 cm.</subfield></datafield><datafield ind1=" " ind2=" " tag="310"><subfield code="a">Weekly</subfield></datafield><datafield ind1="0" ind2=" " tag="362"><subfield code="a">Vol. 1, no. 1 (Jan. 28, 1937)-</subfield></datafield><datafield ind1=" " ind2=" " tag="500"><subfield code="a">Editor: Doug Wallace.</subfield></datafield><datafield ind1=" " ind2=" " tag="752"><subfield code="a">United States</subfield><subfield code="b">Alabama</subfield><subfield code="c">Lee</subfield><subfield code="d">Auburn.</subfield></datafield><datafield ind1="1" ind2=" " tag="029"><subfield code="a">AU@</subfield><subfield code="b">000025837866</subfield></datafield></record>